
@article{mathew2011metrics,
    title={Metrics for ergodicity and design of ergodic dynamics for multi-agent systems},
    journal={Physica D: Nonlinear Phenomena},
    volume={240},
    number={4},
    pages={432--442},
    year={2011},
    issn={0167-2789},
    doi={10.1016/j.physd.2010.10.010},
    author={George Mathew and Igor Mezi{\'c}}
}

@inbook{calinon2020mixture,
    author={Calinon, Sylvain},
    title={Mixture models for the analysis, edition, and synthesis of continuous time series},
    booktitle={Mixture models and applications},
    year={2020},
    publisher={Springer},
    pages={39--57},
    isbn={978-3-030-23876-6},
    doi={10.1007/978-3-030-23876-6_3},
}
